<?xml version="1.0" encoding="UTF-8"?><collection xmlns="http://www.loc.gov/MARC21/slim"><record><leader>00410nam--2200145-i-4500</leader><controlfield tag="001">000009373</controlfield><controlfield tag="002">20161230</controlfield><controlfield tag="005">20161230201028</controlfield><controlfield tag="008">060222s1000------------r-----000-0-eng-d</controlfield><datafield ind1=" " ind2=" " tag="080"><subfield code="a">546.791. 621.039.543.4</subfield></datafield><datafield ind1=" " ind2=" " tag="100"><subfield code="a">Cordfunke, E.H.P</subfield></datafield><datafield ind1=" " ind2=" " tag="245"><subfield code="a">The chemistry of uranium</subfield></datafield><datafield ind1=" " ind2=" " tag="260"><subfield code="a">Amsterdam, Elsevier Publishing Co.,1969 Xiv + 250 P</subfield></datafield><datafield ind1=" " ind2=" " tag="490"><subfield code="a">Topics In Inorganic And General Chemistry</subfield></datafield><datafield ind1=" " ind2=" " tag="852"><subfield code="a">21145</subfield></datafield></record></collection>